@article{Aggarwal1987,
	isbn = {0178-4617}, 
	year = {1987}, 
	author = {Aggarwal, Alok and Klawe, Maria and Moran, Shlomo and Shor, Peter and Wilber, Robert}, 
	journal = {Algorithmica}, 
	volume = {2}, 
	pages = {195-208}, 
	publisher = {Springer New York}, 
	title = {{Geometric Applications of a Matrix-Searching Algorithm}}, 
}

@article{Alexanderson2004,
	month = {July}, 
	year = {2004}, 
	author = {Lior, Pachter and Marina, Alexandersson and Cawley, Simon}, 
	journal = {Journal of Computational Biology}, 
	volume = {9}, 
	title = {{Applications of Generalized Pair Hidden Markov Models to Alignment and Gene Finding Problems}}, 
}

@article{Altschul1990,
	number = {3}, 
	month = {Oct}, 
	year = {1990}, 
	author = {Altschul, S F and Gish, W and Miller, W and Myers, E W and Lipman, D J}, 
	journal = {J Mol Biol}, 
	volume = {215}, 
	address = {National Center for Biotechnology Information, National Library of Medicine, National Institutes of Health, Bethesda, MD 20894}, 
	pages = {403-10}, 
	title = {{Basic Local Alignment Search Tool}}, 
}

@article{Altschul1997,
	number = {17}, 
	month = {Sep}, 
	year = {1997}, 
	author = {Altschul, S F and Madden, T L and Schaffer, A A and Zhang, J and Zhang, Z and Miller, W and Lipman, D J}, 
	journal = {Nucleic Acids Res}, 
	volume = {25}, 
	address = {National Center for Biotechnology Information, National Library of Medicine, National Institutes of Health, Bethesda, MD 20894, USA. altschul@ncbi.nlm.nih.gov}, 
	pages = {3389-402}, 
	title = {{Gapped BLAST and PSI-BLAST: a New Generation of Protein Database Search Programs}}, 
}

@article{Beal2008,
	isbn = {1661-8270}, 
	year = {2008}, 
	author = {Béal, Marie-Pierre and Czeizler, Eugen and Kari, Jarkko and Perrin, Dominique}, 
	journal = {Mathematics in Computer Science}, 
	volume = {1}, 
	pages = {625-638}, 
	publisher = {Birkhäuser Basel}, 
	title = {Unambiguous Automata}, 
}

@incollection{Bilo2004,
	isbn = {978-3-540-22894-3}, 
	series = {Lecture Notes in Computer Science}, 
	year = {2004}, 
	author = {Bil{\`o}, Vittorio and Goyal, Vineet and Ravi, R and Singh, Mohit}, 
	booktitle = {Approximation, Randomization, and Combinatorial Optimization. Algorithms and Techniques}, 
	editor = {Jansen, Klaus and Khanna, Sanjeev and Rolim, José and Ron, Dana}, 
	volume = {3122}, 
	pages = {51-60}, 
	publisher = {Springer Berlin / Heidelberg}, 
	title = {On the Crossing Spanning Tree Problem}, 
}

@misc{BiologyForDummies,
	year = {2001}, 
	author = {Brazma, Alvis and Parkinson, Helen and Schlitt, Thomas and Shojatalab, Mohammadreza}, 
	howpublished = {http://www.ebi.ac.uk/microarray/biology\_intro.html}, 
	title = {{A quick introduction to elements of biology - cells, molecules, genes, functional genomics, microarrays}}, 
}

@article{Bradley2007,
	number = {23}, 
	month = {Dec}, 
	year = {2007}, 
	author = {Bradley, Robert K and Holmes, Ian}, 
	journal = {Bioinformatics}, 
	volume = {23}, 
	pages = {3258-62}, 
	title = {Transducers: an emerging probabilistic framework for modeling indels on trees}, 
}

@article{Bradley2009,
	number = {5}, 
	month = {05}, 
	year = {2009}, 
	author = {Bradley, Robert K and Roberts, Adam and Smoot, Michael and Juvekar, Sudeep and Do, Jaeyoung and Dewey, Colin and Holmes, Ian and Pachter, Lior}, 
	journal = {PLoS Comput Biol}, 
	volume = {5}, 
	pages = {e1000392}, 
	publisher = {Public Library of Science}, 
	doi = {10.1371/journal.pcbi.1000392}, 
	title = {{Fast Statistical Alignment}}, 
}

@article{Bray2003,
	number = {1}, 
	month = {Jan}, 
	year = {2003}, 
	author = {Bray, Nick and Dubchak, Inna and Pachter, Lior}, 
	journal = {Genome Res}, 
	volume = {13}, 
	address = {Lawrence Berkeley National Laboratory, Berkeley, California 94720, USA}, 
	pages = {97-102}, 
	title = {{AVID: A Global Alignment Program}}, 
}

@article{Brazma2001,
	year = {2001}, 
	author = {Brazma, Alvis and Parkinson, Helen and Schlitt, Thomas and Shojatalab, Mohammadreza}, 
	journal = {EMBL-EBI, http://www.ebi.ac.uk/microarray/biology\_intro.html}, 
	title = {A quick introduction to elements of biology - cells, molecules, genes, funcional genomics, microarrays}, 
}

@article{Brejova2005,
	month = {Jun}, 
	year = {2005}, 
	author = {Brejova, Brona and Brown, Daniel G and Li, Ming and Vinar, Tomas}, 
	journal = {Bioinformatics}, 
	volume = {21 Suppl 1}, 
	address = {School of Computer Science, University of Waterloo 200 University Avenue West, Waterloo, ON, Canada N2L 3G1. bbrejova@uwaterloo.ca}, 
	pages = {i57-65}, 
	title = {{ExonHunter: a comprehensive approach to gene finding}}, 
}

@article{Brejova2005vector,
	isbn = {0022-0000}, 
	number = {3}, 
	year = {2005}, 
	author = {Brejov{\'a}, Bro{\v n}a and Brown, Daniel G and Vina{\v r}, Tom{\'a}{\v s}}, 
	journal = {Journal of Computer and System Sciences}, 
	volume = {70}, 
	pages = {364 - 380}, 
	doi = {10.1016/j.jcss.2004.12.008}, 
	title = {{Vector seeds: An extension to spaced seeds}}, 
}

@article{Brejova2007,
	number = {7}, 
	year = {2007}, 
	author = {Brejova, Brona and Brown, Daniel G and Vinar, Tomas}, 
	journal = {Journal of Computer and System Sciences}, 
	volume = {73}, 
	pages = {1060-1077}, 
	title = {{The most probable annotation problem in HMMs and its application to bioinformatics}}, 
}

@article{Brejova2007mpa,
	isbn = {0022-0000}, 
	month = {November}, 
	year = {2007}, 
	author = {Brejov{\'a}, Bro{\v n}a and Brown, Daniel G and Vina{\v r}, Tom{\'a}{\v s}}, 
	journal = {J. Comput. Syst. Sci.}, 
	volume = {73}, 
	address = {Orlando, FL, USA}, 
	pages = {1060-1077}, 
	publisher = {Academic Press, Inc.}, 
	doi = {http://dx.doi.org/10.1016/j.jcss.2007.03.011}, 
	title = {{The most probable annotation problem in HMMs and its application to bioinformatics}}, 
}

@article{Brown2009,
	year = {2009}, 
	author = {Golod, Daniil and Brown, Daniel G}, 
	journal = {Journal of Bioinformatics and Computational Biology }, 
	volume = {7}, 
	pages = {737-754}, 
	title = {A TUTORIAL OF TECHNIQUES FOR IMPROVING STANDARD HIDDEN MARKOV MODEL ALGORITHMS}, 
}

@inproceedings{Brown2010,
	year = {2010}, 
	author = {Brown, Daniel G and Truszkowski, Jakub}, 
	booktitle = {Asia Pacific Bioinformatics Conference (APBC)}, 
	title = {{New decoding algorithms for hidden Markov models using distance measures on labellings}}, 
}

@article{Burge1997,
	isbn = {0022-2836}, 
	number = {1}, 
	year = {1997}, 
	author = {Burge, Chris and Karlin, Samuel}, 
	journal = {Journal of Molecular Biology}, 
	volume = {268}, 
	pages = {78 - 94}, 
	doi = {DOI: 10.1006/jmbi.1997.0951}, 
	title = {{Prediction of complete gene structures in human genomic DNA}}, 
}

@article{Burke1997,
	isbn = {1080-6040}, 
	number = {3}, 
	year = {1997}, 
	author = {Burke, D S}, 
	journal = {Emerging Infectious Diseases}, 
	volume = {3}, 
	pages = {253 - 259}, 
	title = {Recombination in HIV: an important viral evolutionary strategy.}, 
}

@article{Cartwright2009,
	number = {2}, 
	month = {Feb}, 
	year = {2009}, 
	author = {Cartwright, Reed A}, 
	journal = {Mol Biol Evol}, 
	volume = {26}, 
	address = {Department of Genetics, Bioinformatics Research Center, North Carolina State University, Raleigh, NC, USA. racartwr@ncsu.edu}, 
	pages = {473-80}, 
	title = {{Problems and solutions for estimating indel rates and length distributions}}, 
}

@article{Chao1992,
	number = {5}, 
	month = {Oct}, 
	year = {1992}, 
	author = {Chao, K M and Pearson, W R and Miller, W}, 
	journal = {Comput Appl Biosci}, 
	volume = {8}, 
	address = {Department of Computer Science, Pennsylvania State University, University Park 16802}, 
	pages = {481-7}, 
	title = {{Aligning two sequences within a specified diagonal band}}, 
}

@inproceedings{Choi2000,
	isbn = {1520-6149}, 
	year = {2000}, 
	author = {Choi, Hyeokho and Romberg, J and Baraniuk, R and Kingsbury, N}, 
	booktitle = {Acoustics, Speech, and Signal Processing, 2000. ICASSP '00. Proceedings. 2000 IEEE International Conference on}, 
	volume = {1}, 
	pages = {133 -136 vol.1}, 
	doi = {10.1109/ICASSP.2000.861889}, 
	title = {Hidden Markov tree modeling of complex wavelet transforms}, 
}

@inproceedings{Crochemore2002,
	isbn = {0-89871-513-X}, 
	series = {SODA '02}, 
	year = {2002}, 
	author = {Crochemore, Maxime and Landau, Gad M and Ziv-Ukelson, Michal}, 
	booktitle = {Proceedings of the thirteenth annual ACM-SIAM symposium on Discrete algorithms}, 
	location = {San Francisco, California}, 
	address = {Philadelphia, PA, USA}, 
	pages = {679-688}, 
	publisher = {Society for Industrial and Applied Mathematics}, 
	title = {{A sub-quadratic sequence alignment algorithm for unrestricted cost matrices}}, 
}

@incollection{Csuros2005,
	isbn = {978-3-540-28061-3}, 
	series = {Lecture Notes in Computer Science}, 
	year = {2005}, 
	author = {Cs{\H{u}}r{\"o}s, Mikl{\'o}s and Ma, Bin}, 
	booktitle = {Computing and Combinatorics}, 
	editor = {Wang, Lusheng}, 
	volume = {3595}, 
	pages = {104-114}, 
	publisher = {Springer Berlin / Heidelberg}, 
	title = {{Rapid Homology Search with Two-Stage Extension and Daughter Seeds}}, 
}

@inproceedings{DeNero2008,
	series = {EMNLP '08}, 
	year = {2008}, 
	author = {DeNero, John and Bouchard-C\^ot\'e, Alexandre and Klein, Dan}, 
	booktitle = {Proceedings of the Conference on Empirical Methods in Natural Language Processing}, 
	location = {Honolulu, Hawaii}, 
	address = {Stroudsburg, PA, USA}, 
	pages = {314-323}, 
	publisher = {Association for Computational Linguistics}, 
	title = {Sampling alignment structure under a Bayesian translation model}, 
}

@article{Do2006,
	year = {2006}, 
	author = {Do, Chuong B and Gross, Samuel S and Batzoglou, Serafim}, 
	booktitle = {In: International Conference in Research on Computational Molecular Biology (RECOMB).  year = 2006, pages = 160--174 }}, 
	title = {CONTRAlign: discriminative training for protein sequence alignment}, 
}

@article{Do2008,
	number = {13}, 
	month = {Jul}, 
	year = {2008}, 
	author = {Do, Chuong B and Foo, Chuan-Sheng and Batzoglou, Serafim}, 
	journal = {Bioinformatics}, 
	volume = {24}, 
	address = {Computer Science Department, Stanford University, Stanford, CA 94305, USA. chuongdo@cs.stanford.edu}, 
	pages = {i68-76}, 
	title = {A max-margin model for efficient simultaneous alignment and folding of RNA sequences}, 
}

@inproceedings{Du2010,
	month = {april}, 
	year = {2010}, 
	author = {Du, Zhihui and Yin, Zhaoming and Bader, D A}, 
	booktitle = {Parallel Distributed Processing, Workshops and Phd Forum (IPDPSW), 2010 IEEE International Symposium on}, 
	pages = {1 -8}, 
	doi = {10.1109/IPDPSW.2010.5470903}, 
	title = {A tile-based parallel Viterbi algorithm for biological sequence alignment on GPU with CUDA}, 
}

@book{Durbin1998,
	year = {1998}, 
	author = {Durbin, R and Eddy, S and Krogh, A and Mitchison, G}, 
	publisher = {Cambridge University Press}, 
	title = {{Biological sequence analysis: Probabilistic models of proteins and nucleic acids}}, 
}

@article{Edd98,
	number = {9}, 
	year = {1998}, 
	author = {Eddy, S. R.}, 
	journal = {Bioinformatics}, 
	volume = {14}, 
	pages = {755-63}, 
	title = {Profile hidden Markov models.}, 
}

@article{FEAST2011,
	isbn = {1545-5963}, 
	number = {3}, 
	month = {may-june}, 
	year = {2011}, 
	author = {Hudek, AK and Brown, DG}, 
	journal = {Computational Biology and Bioinformatics, IEEE/ACM Transactions on}, 
	volume = {8}, 
	pages = {698 -709}, 
	title = {{FEAST: Sensitive Local Alignment with Multiple Rates of Evolution}}, 
}

@article{Faigle2011,
	isbn = {0018-9448}, 
	number = {3}, 
	month = {march}, 
	year = {2011}, 
	author = {Faigle, U and Sch{\"o} andnhuth, A}, 
	journal = {Information Theory, IEEE Transactions on}, 
	volume = {57}, 
	pages = {1746 -1753}, 
	doi = {10.1109/TIT.2011.2104511}, 
	title = {Efficient Tests for Equivalence of Hidden Markov Processes and Quantum Random Walks}, 
}

@article{Felsenstein2004,
	year = {2004}, 
	author = {Felsenstein, Joseph}, 
	journal = {Sinauer Associates}, 
	title = {Inferring phylogenies}, 
}

@article{Fettweis1989,
	isbn = {0090-6778}, 
	number = {8}, 
	month = {aug}, 
	year = {1989}, 
	author = {Fettweis, G and Meyr, H}, 
	journal = {Communications, IEEE Transactions on}, 
	volume = {37}, 
	pages = {785 -790}, 
	doi = {10.1109/26.31176}, 
	title = {Parallel Viterbi algorithm implementation: breaking the ACS-bottleneck}, 
}

@article{Forney1973,
	number = {3}, 
	year = {1973}, 
	author = {Jr, G David Forney}, 
	journal = {Proceedings of the IEEE}, 
	volume = {61}, 
	pages = {268-278}, 
	title = {The Viterbi Algorithm}, 
}

@article{Frith2010,
	year = {2010}, 
	author = {Frith, Martin C and Hamada, Michiaki and Horton, Paul}, 
	journal = {BMC Bioinformatics}, 
	volume = {11}, 
	address = {Computational Biology Research Center, Institute for Advanced Industrial Science and Technology, Tokyo 135-0064, Japan. martin@cbrc.jp}, 
	pages = {80}, 
	title = {Parameters for accurate genome alignment}, 
}

@article{Galil1989,
	isbn = {0304-3975}, 
	month = {April}, 
	year = {1989}, 
	author = {Galil, Zvi and Giancarlo, Raffaele}, 
	journal = {Theor. Comput. Sci.}, 
	volume = {64}, 
	address = {Essex, UK}, 
	pages = {107-118}, 
	publisher = {Elsevier Science Publishers Ltd.}, 
	doi = {http://dx.doi.org/10.1016/0304-3975(89)90101-1}, 
	title = {{Speeding up dynamic programming with application to molecular biology}}, 
}

@article{GeneWise2004,
	month = {May}, 
	year = {2004}, 
	author = {Birney, E and Clamp, M and Durbin, R}, 
	journal = {Genome Res.}, 
	volume = {14}, 
	pages = {988-995}, 
	title = {{GeneWise and Genomewise}}, 
}

@conference{Gill2004,
	year = {2004}, 
	author = {Gill, Ofer and Zhou, Yi and Mishra, Bud}, 
	booktitle = {Advances In Bioinformatics And Its Applications}, 
	title = {{Aligning Sequences with Non-Affine Gap Penalty: PLAINS Algorithm, a Practical Implementation, and its Biological Applications in Comparative Genomics}
}, 
}

@misc{Gill2006,
	year = {2006}, 
	author = {Gill, O and Nyu, Courant Inst}, 
	title = {{PLANAR: RNA Sequence Alignment using Non-Affine Gap Penalty and Secondary Structure}}, 
}

@article{Gopalakrishnan1991,
	isbn = {0018-9448}, 
	number = {1}, 
	month = {jan}, 
	year = {1991}, 
	author = {Gopalakrishnan, PS and Kanevsky, D and Nadas, A and Nahamoo, D}, 
	journal = {Information Theory, IEEE Transactions on}, 
	volume = {37}, 
	pages = {107 -113}, 
	doi = {10.1109/18.61108}, 
	title = {An inequality for rational functions with applications to some statistical estimation problems}, 
}

@article{Grice1997,
	number = {1}, 
	month = {Feb}, 
	year = {1997}, 
	author = {Grice, J A and Hughey, R and Speck, D}, 
	journal = {Comput Appl Biosci}, 
	volume = {13}, 
	address = {University of California, Santa Cruz 95064, USA}, 
	pages = {45-53}, 
	title = {{Reduced space sequence alignment}}, 
}

@article{Gross2007,
	number = {12}, 
	year = {2007}, 
	author = {Gross, Samuel S and Do, Chuong B and Sirota, Marina and Batzoglou, Serafim}, 
	journal = {Genome Biology}, 
	volume = {8}, 
	pages = {R269}, 
	title = {{CONTRAST: a discriminative, phylogeny-free approach to multiple informant de novo gene prediction}}, 
}

@article{Guidon2003,
	isbn = {1063-5157}, 
	number = {5}, 
	year = {2003}, 
	author = {Guindon, Stéphane and Gascuel, Olivier}, 
	journal = {Systematic Biology}, 
	volume = {52}, 
	pages = {696 - 704}, 
	title = {A simple, fast, and accurate algorithm to estimate large phylogenies by maximum likelihood.}, 
}

@book{Gusfield1997,
	isbn = {0-521-58519-8}, 
	year = {1997}, 
	author = {Gusfield, Dan}, 
	address = {New York, NY, USA}, 
	publisher = {Cambridge University Press}, 
	title = {{Algorithms on Strings, Trees, and Sequences: Computer Science and Computational Biology}}, 
}

@book{GusfieldBook,
	isbn = {0521585198}, 
	year = {2007}, 
	author = {Gusfield, Dan}, 
	howpublished = {Hardcover}, 
	publisher = {Cambridge Univ. Press}, 
	title = {{Algorithms on Strings, Trees, and Sequences : Computer Science and Computational Biology}}, 
}

@article{Hamada2009,
	number = {4}, 
	year = {2009}, 
	author = {Hamada, Michiaki and Kiryu, Hisanori and Sato, Kengo and Mituyama, Toutai and Asai, Kiyoshi}, 
	journal = {Bioinformatics}, 
	volume = {25}, 
	pages = {465-473}, 
	title = {Prediction of RNA secondary structure using generalized centroid estimators}, 
}

@article{Hamming,
	isbn = {1386-4564}, 
	number = {4}, 
	year = {2002}, 
	author = {Bookstein, Abraham and Kulyukin, Vladimir A. and Raita, Timo}, 
	journal = {Inf. Retr.}, 
	volume = {5}, 
	address = {Hingham, MA, USA}, 
	pages = {353-375}, 
	publisher = {Kluwer Academic Publishers}, 
	doi = {http://dx.doi.org/10.1023/A:1020499411651}, 
	title = {Generalized Hamming Distance}, 
}

@phdthesis{Harpy1976,
	year = {1976}, 
	author = {Lowerre, B.~T.}, 
	school = {Carnegie-Mellon Univ., Pittsburgh, PA.}, 
	title = {The Harpy speech recognition system}, 
}

@article{Hirschberg1975,
	isbn = {0001-0782}, 
	month = {June}, 
	year = {1975}, 
	author = {Hirschberg, DS}, 
	journal = {Commun. ACM}, 
	volume = {18}, 
	address = {New York, NY, USA}, 
	pages = {341-343}, 
	publisher = {ACM}, 
	doi = {http://doi.acm.org/10.1145/360825.360861}, 
	title = {A linear space algorithm for computing maximal common subsequences}, 
}

@article{Holmes2001,
	number = {9}, 
	month = {Sep}, 
	year = {2001}, 
	author = {Holmes, I and Bruno, W J}, 
	journal = {Bioinformatics}, 
	volume = {17}, 
	address = {Group T10, Los Alamos National Laboratory, NM 87545, USA. ihh@fruitfly.org}, 
	pages = {803-20}, 
	title = {Evolutionary HMMs: a Bayesian approach to multiple alignment}, 
}

@article{Holmes2003,
	year = {2003}, 
	author = {Holmes, I}, 
	journal = {Bioinformatics}, 
	volume = {19 Suppl 1}, 
	address = {Department of Statistics, University of Oxford. 1 South Parks Road, Oxford OX1 3TG, UK}, 
	pages = {i147-57}, 
	title = {Using guide trees to construct multiple-sequence evolutionary HMMs}, 
}

@article{Holmes2007,
	number = {23}, 
	month = {Dec}, 
	year = {2007}, 
	author = {Holmes, Ian}, 
	journal = {Bioinformatics}, 
	volume = {23}, 
	address = {Department of Bioengineering, University of California, Berkeley, CA, USA. ihh@berkeley.edu}, 
	pages = {3263-4}, 
	title = {Phylocomposer and phylodirector: analysis and visualization of transducer indel models}, 
}

@phdthesis{Hudek2010 ,
	year = {2010 }, 
	author = {Hudek, Alexander Karl}, 
	school = {University of Waterloo}, 
	title = {{Improvements in the Accuracy of Pairwise Genomic Alignment}}, 
}

@article{Ito1992,
	isbn = {0018-9448}, 
	number = {2}, 
	month = {mar}, 
	year = {1992}, 
	author = {Ito, H and Amari, S and Kobayashi, K}, 
	journal = {Information Theory, IEEE Transactions on}, 
	volume = {38}, 
	pages = {324 -333}, 
	doi = {10.1109/18.119690}, 
	title = {Identifiability of hidden Markov information sources and their minimum degrees of freedom}, 
}

@article{Kall2005,
	year = {2005}, 
	author = {Kall, Lukas and Krogh, Anders and Sonnhammer, Erik L L}, 
	journal = {Bioinformatics}, 
	volume = {21 Suppl 1}, 
	pages = {i251-257}, 
	title = {An HMM posterior decoder for sequence feature prediction that includes homology information}, 
}

@misc{Kaplunovsky,
	author = {Kaplunovsky, Er and Khailenko, Vladimir and Bolshoy, Er and Atambayeva, Shara}, 
	title = {Statistics of Exon Lengths in Animals, Plants, Fungi, and Protists}, 
}

@article{Keibler2007,
	number = {5}, 
	month = {Mar}, 
	year = {2007}, 
	author = {Keibler, Evan and Arumugam, Manimozhiyan and Brent, Michael R}, 
	journal = {Bioinformatics}, 
	volume = {23}, 
	address = {Laboratory for Computational Genomics, Campus Box 1045, Washington University, St. Louis, MO 63130, USA}, 
	pages = {545-54}, 
	title = {{The Treeterbi and Parallel Treeterbi algorithms: efficient, optimal decoding for ordinary, generalized and pair HMMs}}, 
}

@article{Keich2005,
	number = {4}, 
	month = {May}, 
	year = {2005}, 
	author = {Keich, Uri}, 
	journal = {J Comput Biol}, 
	volume = {12}, 
	address = {Computer Science Department, Cornell University, Ithaca, NY 14853, USA. keich@cs.cornell.edu}, 
	pages = {416-30}, 
	title = {sFFT: a faster accurate computation of the p-value of the entropy score}, 
}

@article{Kent2002,
	number = {4}, 
	month = {Apr}, 
	year = {2002}, 
	author = {Kent, W James}, 
	journal = {Genome Res}, 
	volume = {12}, 
	address = {Department of Biology and Center for Molecular Biology of RNA, University of California-Santa Cruz, Santa Cruz, CA 95064, USA. kent@biology.ucsc.edu}, 
	pages = {656-64}, 
	title = {{BLAT--the BLAST-like alignment tool}}, 
}

@article{Klawe1990,
	isbn = {0895-4801}, 
	month = {January}, 
	year = {1990}, 
	author = {Klawe, Maria M and Kleitman, Daniel J}, 
	journal = {SIAM J. Discret. Math.}, 
	volume = {3}, 
	address = {Philadelphia, PA, USA}, 
	pages = {81-97}, 
	publisher = {Society for Industrial and Applied Mathematics}, 
	doi = {10.1137/0403009}, 
	title = {An almost linear time algorithm for generalized matrix searching}, 
}

@inproceedings{Kohavi1995,
	year = {1995}, 
	author = {Kohavi, Ron}, 
	booktitle = {INTERNATIONAL JOINT CONFERENCE ON ARTIFICIAL INTELLIGENCE}, 
	pages = {1137-1143}, 
	title = {A Study of Cross-Validation and Bootstrap for Accuracy Estimation and Model Selection}, 
}

@article{Kontorovich2008,
	isbn = {00911798}, 
	number = {6}, 
	year = {2008}, 
	author = {Kontorovich, Leonid (Aryeh) and Ramanan, Kavita}, 
	journal = {The Annals of Probability}, 
	volume = {36}, 
	pages = {pp. 2126-2158}, 
	publisher = {Institute of Mathematical Statistics}, 
	title = {Concentration Inequalities for Dependent Random Variables via the Martingale Method}, 
}

@article{Korf2001,
	year = {2001}, 
	author = {Korf, I and Flicek, P and Duan, D and Brent, M R}, 
	journal = {Bioinformatics}, 
	volume = {17 Suppl 1}, 
	address = {Department of Computer Science, Washington University, Campus Box 1045, St. Louis, MO, 63130, USA. ikorf@cs.wustl.edu}, 
	pages = {S140-8}, 
	title = {Integrating genomic homology into gene structure prediction}, 
}

@article{Krogh1997,
	year = {1997}, 
	author = {Krogh, A}, 
	journal = {Proc Int Conf Intell Syst Mol Biol}, 
	volume = {5}, 
	address = {Center for Biological Sequence Analysis, Technical University of Denmark, Lyngby, Denmark. krogh@cbs.dtu.dk}, 
	pages = {179-86}, 
	title = {Two methods for improving performance of an HMM and their application for gene finding}, 
}

@article{Krogh2001,
	isbn = {0022-2836}, 
	number = {3}, 
	year = {2001}, 
	author = {Krogh, Anders and Larsson, Björn and Heijne, Gunnar von and Sonnhammer, Erik LL}, 
	journal = {Journal of Molecular Biology}, 
	volume = {305}, 
	pages = {567 - 580}, 
	doi = {DOI: 10.1006/jmbi.2000.4315}, 
	title = {Predicting transmembrane protein topology with a hidden markov model: application to complete genomes}, 
}

@article{Kurtz2004,
	number = {2}, 
	year = {2004}, 
	author = {Kurtz, Stefan and Phillippy, Adam and Delcher, Arthur L and Smoot, Michael and Shumway, Martin and Antonescu, Corina and Salzberg, Steven L}, 
	journal = {Genome Biology}, 
	volume = {5}, 
	pages = {R12}, 
	title = {Versatile and open software for comparing large genomes}, 
}

@article{Lember2003,
	isbn = {0021-9045}, 
	month = {January}, 
	year = {2003}, 
	author = {Lember, J\uri}, 
	journal = {J. Approx. Theory}, 
	volume = {120}, 
	address = {Orlando, FL, USA}, 
	pages = {20-35}, 
	publisher = {Academic Press, Inc.}, 
	doi = {10.1016/S0021-9045(02)00010-2}, 
	title = {On minimizing sequences for k-centres}, 
}

@article{Lember2008,
	year = {2008}, 
	author = {Lember, Juri and Koloydenko, Alexey}, 
	journal = {BERNOULLI}, 
	volume = {14}, 
	pages = {180}, 
	title = {The adjusted Viterbi training for hidden Markov models}, 
}

@article{Lember2010,
	isbn = {0018-9448}, 
	number = {4}, 
	month = {april}, 
	year = {2010}, 
	author = {Lember, J and Koloydenko, AA}, 
	journal = {Information Theory, IEEE Transactions on}, 
	volume = {56}, 
	pages = {2017 -2033}, 
	doi = {10.1109/TIT.2010.2040897}, 
	title = {A Constructive Proof of the Existence of Viterbi Processes}, 
}

@article{Lember2011,
	year = {2011}, 
	author = {Lember, Jüri and Kuljus, Kristi and Koloydenko, Alexey}, 
	title = {Theory of Segmentation }, 
}

@article{LemberAdjVit2006,
	year = {2006}, 
	author = {Lember, Juri}, 
	title = {Adjusted Viterbi Training. A proof of
concept.
}, 
}

@article{Lempel1976,
	isbn = {0018-9448}, 
	number = {1}, 
	month = {jan}, 
	year = {1976}, 
	author = {Lempel, A and Ziv, J}, 
	journal = {Information Theory, IEEE Transactions on}, 
	volume = {22}, 
	pages = {75 - 81}, 
	doi = {10.1109/TIT.1976.1055501}, 
	title = {{On the Complexity of Finite Sequences}}, 
}

@article{Lempel1978,
	isbn = {0018-9448}, 
	number = {5}, 
	month = {sep}, 
	year = {1978}, 
	author = {Ziv, J and Lempel, A}, 
	journal = {Information Theory, IEEE Transactions on}, 
	volume = {24}, 
	pages = {530 - 536}, 
	doi = {10.1109/TIT.1978.1055934}, 
	title = {Compression of individual sequences via variable-rate coding}, 
}

@book{Levin2006,
	year = {2006}, 
	author = {Levin, David A and Peres, Yuval and Wilmer, Elizabeth L}, 
	publisher = {American Mathematical Society}, 
	title = {Markov chains and mixing times}, 
}

@article{Lifshits2009,
	isbn = {0178-4617}, 
	year = {2009}, 
	author = {Lifshits, Yury and Mozes, Shay and Weimann, Oren and Ziv-Ukelson, Michal}, 
	journal = {Algorithmica}, 
	volume = {54}, 
	pages = {379-399}, 
	publisher = {Springer New York}, 
	title = {{Speeding Up HMM Decoding and Training by Exploiting Sequence Repetitions}}, 
}

@article{Liu2010,
	number = {16}, 
	month = {Aug}, 
	year = {2010}, 
	author = {Liu, Yongchao and Schmidt, Bertil and Maskell, Douglas L}, 
	journal = {Bioinformatics}, 
	volume = {26}, 
	address = {School of Computer Engineering, Nanyang Technological University, Singapore. liuy0039@ntu.edu.sg}, 
	pages = {1958-64}, 
	title = {MSAProbs: multiple sequence alignment based on pair hidden Markov models and partition function posterior probabilities}, 
}

@article{Lunter2008,
	number = {2}, 
	month = {Feb}, 
	year = {2008}, 
	author = {Lunter, Gerton and Rocco, Andrea and Mimouni, Naila and Heger, Andreas and Caldeira, Alexandre and Hein, Jotun}, 
	journal = {Genome Res}, 
	volume = {18}, 
	address = {MRC Functional Genetics Unit, Department of Physiology, Anatomy, and Genetics, University of Oxford, Oxford OX1 3QX, United Kingdom. gerton.lunter@dpag.ox.ac.uk}, 
	pages = {298-309}, 
	title = {Uncertainty in homology inferences: assessing and improving genomic sequence alignment}, 
}

@article{Lyngso2002,
	isbn = {0022-0000}, 
	number = {3}, 
	year = {2002}, 
	author = {Lyngsø, Rune B and Pedersen, Christian N S}, 
	journal = {Journal of Computer and System Sciences}, 
	volume = {65}, 
	pages = {545 - 569}, 
	doi = {DOI: 10.1016/S0022-0000(02)00009-0}, 
	title = {{The consensus string problem and the complexity of comparing hidden Markov models}}, 
}

@article{Ma2002,
	number = {3}, 
	month = {Mar}, 
	year = {2002}, 
	author = {Ma, Bin and Tromp, John and Li, Ming}, 
	journal = {Bioinformatics}, 
	volume = {18}, 
	address = {Computer Science Department, University of Western Ontario, London N6A 5B8, Canada Bioinformatics Solutions Inc., 145 Columbia Street West, Waterloo, Ont. N2L 3L2, Canada}, 
	pages = {440-5}, 
	title = {{PatternHunter: faster and more sensitive homology search}}, 
}

@article{Majoros2004,
	number = {16}, 
	month = {Nov}, 
	year = {2004}, 
	author = {Majoros, W H and Pertea, M and Salzberg, S L}, 
	journal = {Bioinformatics}, 
	volume = {20}, 
	address = {Bioinformatics Department, The Institute for Genomic Research, Rockville, MD 20850, USA. bmajoros@tigr.org}, 
	pages = {2878-9}, 
	title = {{TigrScan and GlimmerHMM: two open source ab initio eukaryotic gene-finders}}, 
}

@article{Majoros2005,
	month = {May}, 
	year = {2005}, 
	author = {Majoros, WH and Pertea, M and Salzberg, SL}, 
	journal = {Bioinformatics}, 
	volume = {21}, 
	pages = {1782-1788}, 
	title = {{Efficient implementation of a generalized pair hidden Markov model for comparative gene finding}}, 
}

@article{Maria1992,
	isbn = {0196-6774}, 
	number = {1}, 
	year = {1992}, 
	author = {Klawe, Maria M}, 
	journal = {Journal of Algorithms}, 
	volume = {13}, 
	pages = {55 - 78}, 
	doi = {10.1016/0196-6774(92)90005-W}, 
	title = {Superlinear bounds for matrix searching problems}, 
}

@article{McAuliffe2004,
	number = {12}, 
	month = {Aug}, 
	year = {2004}, 
	author = {McAuliffe, Jon D and Pachter, Lior and Jordan, Michael I}, 
	journal = {Bioinformatics}, 
	volume = {20}, 
	address = {Department of Statistics, University of California, 367 Evans Hall, Berkeley, CA 94720, USA}, 
	pages = {1850-60}, 
	title = {Multiple-sequence functional annotation and the generalized hidden Markov phylogeny}, 
}

@article{Meyer2002,
	month = {Oct}, 
	year = {2002}, 
	author = {Meyer, IM and Durbin, R}, 
	journal = {Bioinformatics}, 
	volume = {18}, 
	pages = {1309-1318}, 
	title = {{Comparative ab initio prediction of gene structures using pair HMMs}}, 
}

@article{Miller1988,
	isbn = {0092-8240}, 
	year = {1988}, 
	author = {Miller, Webb and Myers, Eugene}, 
	journal = {Bulletin of Mathematical Biology}, 
	volume = {50}, 
	pages = {97-120}, 
	publisher = {Springer New York}, 
	title = {Sequence comparison with concave weighting functions}, 
}

@article{Mitrophanov2006,
	number = {1}, 
	month = {Mar}, 
	year = {2006}, 
	author = {Mitrophanov, Alexander Yu and Borodovsky, Mark}, 
	journal = {Brief Bioinform}, 
	volume = {7}, 
	address = {School of Biology, Georgia Institute of Technology, Atlanta, GA 30332-0230, USA}, 
	pages = {2-24}, 
	title = {Statistical significance in biological sequence analysis}, 
}

@article{Morgenstern1996,
	number = {22}, 
	month = {Oct}, 
	year = {1996}, 
	author = {Morgenstern, B and Dress, A and Werner, T}, 
	journal = {Proc Natl Acad Sci U S A}, 
	volume = {93}, 
	address = {National Research Center for Environment and Health, Institute of Mammalian Genetics, Neuherberg, Germany}, 
	pages = {12098-103}, 
	title = {Multiple DNA and protein sequence alignment based on segment-to-segment comparison}, 
}

@article{Mott1999,
	number = {6}, 
	month = {Jun}, 
	year = {1999}, 
	author = {Mott, R}, 
	journal = {Bioinformatics}, 
	volume = {15}, 
	address = {SmithKline-Beecham Pharmaceuticals R & D, New Frontiers Science Park (North),3rd Avenue, Harlow CM19 5AW, UK. Richard.Mott@well.ox.ac.uk}, 
	pages = {455-62}, 
	title = {Local sequence alignments with monotonic gap penalties}, 
}

@article{Nadas1983,
	isbn = {0096-3518}, 
	number = {4}, 
	month = {aug}, 
	year = {1983}, 
	author = {Nadas, A}, 
	journal = {Acoustics, Speech and Signal Processing, IEEE Transactions on}, 
	volume = {31}, 
	pages = {814 - 817}, 
	doi = {10.1109/TASSP.1983.1164173}, 
	title = {A decision theorectic formulation of a training problem in speech recognition and a comparison of training by unconditional versus conditional maximum likelihood}, 
}

@article{Nadas1988,
	isbn = {0096-3518}, 
	number = {9}, 
	month = {sep}, 
	year = {1988}, 
	author = {Nadas, A and Nahamoo, D and Picheny, MA}, 
	journal = {Acoustics, Speech and Signal Processing, IEEE Transactions on}, 
	volume = {36}, 
	pages = {1432 -1436}, 
	doi = {10.1109/29.90371}, 
	title = {On a model-robust training method for speech recognition}, 
}

@inproceedings{Nanasi2010,
	series = {Lecture Notes in Computer Science}, 
	year = {2010}, 
	author = {Nanasi, Michal and Vinar, Tomas and Brejova, Brona}, 
	booktitle = {Combinatorial Pattern Matching, 21th Annual Symposium (CPM 2010)}, 
	editor = {A. Amir and L. Parida}, 
	volume = {6129}, 
	address = {Brooklyn, New York, USA}, 
	pages = {164-176}, 
	publisher = {Springer}, 
	title = {{The Highest Expected Reward Decoding for HMMs with Application to Recombination Detection}}, 
}

@mastersthesis{Nanasi2010mgr,
	year = {2010}, 
	author = {Nánási, Michal}, 
	school = {Comenius University}, 
	title = {{Biological sequence annotation with hidden Markov models}}, 
}

@article{Needleman1970,
	number = {3}, 
	month = {Mar}, 
	year = {1970}, 
	author = {Needleman, S B and Wunsch, C D}, 
	journal = {Journal Molecular Biology}, 
	volume = {48}, 
	pages = {443-53}, 
	title = {A general method applicable to the search for similarities in the amino acid sequence of two proteins}, 
}

@inproceedings{Normandin1991,
	isbn = {1520-6149}, 
	month = {apr}, 
	year = {1991}, 
	author = {Normandin, Y and Morgera, SD}, 
	booktitle = {Acoustics, Speech, and Signal Processing, 1991. ICASSP-91., 1991 International Conference on}, 
	pages = {537 -540 vol.1}, 
	doi = {10.1109/ICASSP.1991.150395}, 
	title = {An improved MMIE training algorithm for speaker-independent, small vocabulary, continuous speech recognition}, 
}

@article{Normandin1994,
	isbn = {1063-6676}, 
	number = {2}, 
	month = {apr}, 
	year = {1994}, 
	author = {Normandin, Y and Cardin, R and De Mori, R}, 
	journal = {Speech and Audio Processing, IEEE Transactions on}, 
	volume = {2}, 
	pages = {299 -311}, 
	doi = {10.1109/89.279279}, 
	title = {High-performance connected digit recognition using maximum mutual information estimation}, 
}

@article{Notredame2000,
	number = {1}, 
	month = {Sep}, 
	year = {2000}, 
	author = {Notredame, C and Higgins, D G and Heringa, J}, 
	journal = {J Mol Biol}, 
	volume = {302}, 
	address = {National Institute for Medical Research, The Ridgeway, London, NW7 1AA, UK. cedric.notredame@europe.com}, 
	pages = {205-17}, 
	title = {T-Coffee: A novel method for fast and accurate multiple sequence alignment}, 
}

@incollection{Okhotin2010,
	isbn = {978-3-642-15154-5}, 
	series = {Lecture Notes in Computer Science}, 
	year = {2010}, 
	author = {Okhotin, Alexander}, 
	booktitle = {Mathematical Foundations of Computer Science 2010}, 
	editor = {Hlinený, Petr and Kucera, Antonín}, 
	volume = {6281}, 
	pages = {556-567}, 
	publisher = {Springer Berlin / Heidelberg}, 
	title = {Unambiguous Finite Automata over a Unary Alphabet}, 
}

@incollection{Opera2011,
	isbn = {978-3-642-20035-9}, 
	series = {Lecture Notes in Computer Science}, 
	year = {2011}, 
	author = {Gao, Song and Nagarajan, Niranjan and Sung, Wing-Kin}, 
	booktitle = {Research in Computational Molecular Biology}, 
	editor = {Bafna, Vineet and Sahinalp, S.}, 
	volume = {6577}, 
	pages = {437-451}, 
	publisher = {Springer Berlin / Heidelberg}, 
	title = {Opera: Reconstructing Optimal Genomic Scaffolds with High-Throughput Paired-End Sequences}, 
}

@article{Pairagon2009,
	month = {Jul}, 
	year = {2009}, 
	author = {Lu, DV and Brown, RH and Arumugam, M and Brent, MR}, 
	journal = {Bioinformatics}, 
	volume = {25}, 
	pages = {1587-1593}, 
	title = {{Pairagon: a highly accurate, HMM-based cDNA-to-genome aligner}}, 
}

@article{Paten2008,
	number = {11}, 
	month = {Nov}, 
	year = {2008}, 
	author = {Paten, Benedict and Herrero, Javier and Beal, Kathryn and Fitzgerald, Stephen and Birney, Ewan}, 
	journal = {Genome Res}, 
	volume = {18}, 
	address = {Center for Biomolecular Science and Engineering, University of California, Santa Cruz, California 95064, USA. benedict@soe.ucsc.edu}, 
	pages = {1814-28}, 
	title = {Enredo and Pecan: genome-wide mammalian consistency-based multiple alignment with paralogs}, 
}

@article{Pedersen2003,
	number = {2}, 
	month = {Jan}, 
	year = {2003}, 
	author = {Pedersen, Jakob Skou and Hein, Jotun}, 
	journal = {Bioinformatics}, 
	volume = {19}, 
	address = {Bioinformatics Research Center, Department of Genetics and Ecology, The Institute of Biological Sciences, University of Aarhus, Building 550, Ny Munkegade, 8000 Aarhus C, Denmark. jsp@daimi.au.dk}, 
	pages = {219-27}, 
	title = {Gene finding with a hidden Markov model of genome structure and evolution}, 
}

@article{Qian2001,
	number = {1}, 
	month = {Oct}, 
	year = {2001}, 
	author = {Qian, B and Goldstein, R A}, 
	journal = {Proteins}, 
	volume = {45}, 
	address = {Biophysics Research Division, University of Michigan, Ann Arbor, USA}, 
	pages = {102-4}, 
	title = {Distribution of Indel lengths}, 
}

@article{Robertson2000,
	number = {5463}, 
	year = {2000}, 
	author = {Robertson, D. L. and Anderson, J. P. and Bradac, J. A. and Carr, J. K. and Foley, B. and Funkhouser, R. K. and Gao, F. and Hahn, B. H. and Kalish, M. L. and Kuiken, C. and Learn, G. H. and Leitner, T. and McCutchan, F. and Osmanov, S. and Peeters, M. and Pieniazek, D. and Salminen, M. and Sharp, P. M. and Wolinsky, S. and Korber, B.}, 
	journal = {Science}, 
	volume = {288}, 
	pages = {55-6}, 
	title = {HIV-1 nomenclature proposal.}, 
}

@article{SLAM2003,
	month = {Mar}, 
	year = {2003}, 
	author = {Alexandersson, M and Cawley, S and Pachter, L}, 
	journal = {Genome Res.}, 
	volume = {13}, 
	pages = {496-502}, 
	title = {{SLAM: Cross-Species Gene Finding and Alignment with a Generalized Pair Hidden Markov Model}}, 
}

@article{Sahraeian2010,
	number = {15}, 
	month = {Aug}, 
	year = {2010}, 
	author = {Sahraeian, Sayed Mohammad Ebrahim and Yoon, Byung-Jun}, 
	journal = {Nucleic Acids Res}, 
	volume = {38}, 
	address = {Department of Electrical and Computer Engineering, Texas A&M University, College Station, TX 77843, USA}, 
	pages = {4917-28}, 
	title = {PicXAA: greedy probabilistic construction of maximum expected accuracy alignment of multiple sequences}, 
}

@article{Sankoff1972,
	number = {1}, 
	month = {Jan}, 
	year = {1972}, 
	author = {Sankoff, D}, 
	journal = {Proceedings of the National Academy of Sciences of the USA}, 
	volume = {69}, 
	pages = {4-6}, 
	title = {Matching sequences under deletion-insertion constraints}, 
}

@article{Satija2010,
	number = {17}, 
	month = {Sep}, 
	year = {2010}, 
	author = {Satija, R and Hein, J and Lunter, G A}, 
	journal = {Bioinformatics}, 
	volume = {26}, 
	address = {Department of Statistics, Oxford University, Oxford, UK. satija@stats.ox.ac.uk}, 
	pages = {2116-20}, 
	title = {{Genome-wide functional element detection using pairwise statistical alignment outperforms multiple genome footprinting techniques}}, 
}

@article{Schonhuth2010,
	isbn = {978-3-642-15293-1}, 
	series = {Lecture Notes in Computer Science}, 
	year = {2010}, 
	author = {Schönhuth, Alexander and Salari, Raheleh and Sahinalp, S}, 
	booktitle = {Algorithms in Bioinformatics}, 
	editor = {Moulton, Vincent and Singh, Mona}, 
	volume = {6293}, 
	pages = {350-361}, 
	publisher = {Springer Berlin / Heidelberg}, 
	title = {Pair HMM Based Gap Statistics for Re-evaluation of Indels in Alignments with Affine Gap Penalties}, 
}

@article{Schultz2006,
	year = {2006}, 
	author = {Schultz, Anne-Kathrin and Zhang, Ming and Leitner, Thomas and Kuiken, Carla and Korber, Bette and Morgenstern, Burkhard and Stanke, Mario}, 
	journal = {BMC Bioinformatics}, 
	volume = {7}, 
	pages = {265}, 
	title = {{A jumping profile Hidden Markov Model and applications to recombination sites in HIV and HCV genomes}}, 
}

@article{Schultz2009,
	number = {Web Server issue}, 
	year = {2009}, 
	author = {Schultz, Anne-Kathrin and Zhang, Ming and Bulla, Ingo and Leitner, Thomas and Korber, Bette and Morgenstern, Burkhard and Stanke, Mario}, 
	journal = {Nucleic Acids Research}, 
	volume = {37}, 
	pages = {W647-651}, 
	title = {{jpHMM: improving the reliability of recombination prediction in HIV-1}}, 
}

@article{Schwartz2007,
	number = {2}, 
	month = {Jan}, 
	year = {2007}, 
	author = {Schwartz, Ariel S and Pachter, Lior}, 
	journal = {Bioinformatics}, 
	volume = {23}, 
	address = {EECS, Computer Science Division, University of California Berkeley, CA 94720, USA. sariel@cs.berkeley.edu}, 
	pages = {e24-9}, 
	title = {Multiple alignment by sequence annealing}, 
}

@article{Sherali1992,
	isbn = {0925-5001}, 
	year = {1992}, 
	author = {Sherali, Hanif D and Tuncbilek, Cihan H}, 
	journal = {Journal of Global Optimization}, 
	volume = {2}, 
	pages = {101-112}, 
	publisher = {Springer Netherlands}, 
	title = {A global optimization algorithm for polynomial programming problems using a Reformulation-Linearization Technique}, 
}

@article{Spang1998,
	number = {3}, 
	year = {1998}, 
	author = {Spang, R and Vingron, M}, 
	journal = {Bioinformatics}, 
	volume = {14}, 
	address = {Deutsches Krebsforschungszentrum (DKFZ), Theoretische Bioinformatik, Im Neuenheimer Feld 280, D-69120 Heidelberg, Germany}, 
	pages = {279-84}, 
	title = {Statistics of large-scale sequence searching}, 
}

@book{SpellBook,
	isbn = {0070131511}, 
	year = {2001}, 
	author = {Cormen, Thomas H. and Stein, Clifford and Rivest, Ronald L. and Leiserson, Charles E.}, 
	publisher = {McGraw-Hill Higher Education}, 
	title = {Introduction to Algorithms}, 
}

@incollection{Sramek2007,
	isbn = {978-3-540-74125-1}, 
	series = {Lecture Notes in Computer Science}, 
	year = {2007}, 
	author = {{\v S}r{\'a}mek, Rastislav and Brejov{\'a}, Bro{\v n}a and Vina{\v r}, Tom{\'a}{\v s}}, 
	booktitle = {Algorithms in Bioinformatics}, 
	editor = {Giancarlo, Raffaele and Hannenhalli, Sridhar}, 
	volume = {4645}, 
	pages = {240-251}, 
	publisher = {Springer Berlin / Heidelberg}, 
	title = {{On-Line Viterbi Algorithm for Analysis of Long Biological Sequences}}, 
}

@article{Tarnas1998,
	number = {5}, 
	month = {Jun}, 
	year = {1998}, 
	author = {Tarnas, C and Hughey, R}, 
	journal = {Bioinformatics}, 
	volume = {14}, 
	address = {Department of Computer Engineering, Jack Baskin School of Engineering, University of California, Santa Cruz, CA 95064, USA}, 
	pages = {401-6}, 
	title = {Reduced space hidden Markov model training}, 
}

@article{Truszkowski2011,
	year = {2011}, 
	author = {Truszkowski, Jakub and Brown, Daniel Gregory}, 
	journal = {BMC Bioinformatics}, 
	volume = {12}, 
	pages = {168}, 
	title = {{More accurate recombination prediction in HIV-1 using a robust decoding algorithm for HMMs}}, 
}

@book{Ullman1979,
	year = {1979}, 
	author = {Hopcroft, John E and Ullman, Jeff D}, 
	publisher = {Addison-Wesley Publishing Company}, 
	title = {Introduction to Automata Theory, Languages, and Computation}, 
}

@book{UnderstandingBioinformatics,
	isbn = {0815340249}, 
	edition = {1}, 
	year = {2007}, 
	author = {Zvelebil, Marketa and Baum, Jeremy}, 
	howpublished = {Paperback}, 
	publisher = {Garland Science}, 
	title = {{Understanding Bioinformatics}}, 
}

@inproceedings{Vazirani1990,
	month = {oct}, 
	year = {1990}, 
	author = {Aldous, D and Vazirani, U}, 
	booktitle = {Foundations of Computer Science, 1990. Proceedings., 31st Annual Symposium on}, 
	pages = {392 -396 vol.1}, 
	doi = {10.1109/FSCS.1990.89558}, 
	title = {A Markovian extension of Valiant's learning model}, 
}

@phdthesis{Vinar2005,
	month = {October}, 
	year = {2005}, 
	author = {Vinar, Tomas}, 
	school = {University of Waterloo}, 
	title = {{Enhancements to Hidden Markov Models for Gene Finding and Other Biological Applications}}, 
}

@inproceedings{Visnovska2010,
	year = {2010}, 
	author = {Visnovska, Martina and Nanasi, Michal and Vinar, Tomas and Brejova, Brona}, 
	booktitle = {Information Technologies, Applications and Theory (ITAT)}, 
	volume = {683}, 
	address = {Smrekovica, Slovakia}, 
	pages = {63-70}, 
	publisher = {CEUR-WS}, 
	title = {Estimating effective DNA database size via compression}, 
}

@article{WJ94,
	number = {4}, 
	year = {1994}, 
	author = {Wang, L. and Jiang, T.}, 
	journal = {Journal Computational Biology}, 
	volume = {1}, 
	pages = {337-48}, 
	title = {On the complexity of multiple sequence alignment.}, 
}

@article{Waterman1984,
	isbn = {0022-5193}, 
	number = {3}, 
	year = {1984}, 
	author = {Waterman, S Michael}, 
	journal = {Journal of Theoretical Biology}, 
	volume = {108}, 
	pages = {333 - 337}, 
	doi = {10.1016/S0022-5193(84)80037-5}, 
	title = {Efficient sequence alignment algorithms}, 
}

@phdthesis{Weimann2009,
	year = {2009}, 
	author = {Weimann, Oren}, 
	address = {Cambridge, MA, USA}, 
	publisher = {Massachusetts Institute of Technology}, 
	school = {Massachusetts Institute Of Technology}, 
	title = {Accelerating dynamic programming}, 
}

@article{Wilber1988,
	isbn = {0196-6774}, 
	month = {September}, 
	year = {1988}, 
	author = {Wilber, Robert}, 
	journal = {J. Algorithms}, 
	volume = {9}, 
	address = {Duluth, MN, USA}, 
	pages = {418-425}, 
	publisher = {Academic Press, Inc.}, 
	doi = {http://dx.doi.org/10.1016/0196-6774(88)90032-6}, 
	title = {The concave least-weight subsequence problem revisited}, 
}

@article{Yeramian2007,
	month = {Feb}, 
	year = {2007}, 
	author = {Yeramian, Edouard and Debonneuil, Edouard}, 
	journal = {Phys. Rev. Lett.}, 
	volume = {98}, 
	pages = {078101}, 
	publisher = {American Physical Society}, 
	doi = {10.1103/PhysRevLett.98.078101}, 
	title = {Probabilistic Sequence Alignments: Realistic Models with Efficient Algorithms}, 
}

@article{Yishai2004,
	isbn = {1063-6676}, 
	number = {3}, 
	month = {may}, 
	year = {2004}, 
	author = {Ben-Yishai, A and Burshtein, D}, 
	journal = {Speech and Audio Processing, IEEE Transactions on}, 
	volume = {12}, 
	pages = {204 - 217}, 
	doi = {10.1109/TSA.2003.822639}, 
	title = {A discriminative training algorithm for hidden Markov models}, 
}

@article{Zachariah2005,
	isbn = {1097-0134}, 
	number = {2}, 
	year = {2005}, 
	author = {Zachariah, Marcus A and Crooks, Gavin E and Holbrook, Stephen R and Brenner, Steven E}, 
	journal = {Proteins: Structure, Function, and Bioinformatics}, 
	volume = {58}, 
	pages = {329-338}, 
	publisher = {Wiley Subscription Services, Inc., A Wiley Company}, 
	doi = {10.1002/prot.20299}, 
	title = {A generalized affine gap model significantly improves protein sequence alignment accuracy}, 
}

